2784 5038
1138 507 1194 626 'ss

86 745 88 752 ’
134 745 165 787 c.
189 729 265 791 138.
285 745 349 790 non
369 735 451 791 recte
475 723 584 808 opinor
611 723 805 810 distinguitur
833 737 863 792 ct
883 726 1071 813 explicatur.
1091 731 1187 860 μόλι-

136 845 201 889 στα
223 824 293 892 δέ’
276 823 336 892 and
363 831 421 892 τοῦ
435 832 544 912 πεῖραι
565 823 672 901 διδοὺς
692 824 817 949 ξυνετός
833 823 1073 920 pulcrum-'061'
1093 831 1185 924 ytpt

102 927 104 934 '
141 925 352 1012 Θεμιστοκλῆς
378 925 569 1010 βεβαιότατα
598 924 637 1010 66
667 919 791 1013 φόσειιιςΙ
819 927 908 1012 ἰσχὺν
937 929 1096 1017 δηλώσας,
1135 941 1188 1006 καὶ
1246 985 1250 993 .

32 1053 35 1057 ·
138 1026 348 1140 διαφερόντως
365 1053 396 1094 τι
417 1027 505 1107 ἶς’
469 1025 545 1094 αυτό
568 1031 688 1144 utilior
707 1026 813 1116 ἓτίροιι
835 1023 921 1109 disice
945 1035 1120 1120 θαυμάσαι.
1147 1039 1188 1107 In

134 1153 194 1215 quo
214 1135 285 1196 loco
307 1145 339 1194 et
359 1123 504 1197 sententia
526 1145 557 1194 et
576 1129 647 1194 usius
668 1133 815 1217 loquendi
834 1131 1090 1220 Thucydidem
1066 1166 1109 1205 uc
1131 1143 1182 1208 di-

132 1237 250 1317 stingui
274 1237 404 1319 pustulat
423 1270 465 1283 -
486 1269 530 1282 -
496 1201 780 1316 Θεμιστοκλῆς,
805 1231 1062 1316 βεβαιότατα-
1018 1242 1187 1330 -όηλιό-

137 1351 215 1413 σας,
243 1335 293 1400 καὶ
315 1333 592 1423 διαφερόντως-ν
613 1331 699 1410 ἄξιος
728 1333 905 1419 θαυμάσαι.
962 1337 1110 1428 lunge*
1089 1371 1187 1430 ην..

90 1451 106 1465 ·
139 1430 232 1511 ἃξιας.
272 1435 353 1502 Nem
373 1437 429 1501 xci
445 1440 487 1522 sic
511 1460 582 1500 cum
603 1431 814 1521 διαφερόντως
840 1447 1049 1528 componitur,
1062 1460 1115 1512 Ιιιι
1135 1451 1188 1516 καὶ
1259 1459 1261 1466 ’

138 1534 232 1617 πάνυ,
261 1537 313 1602 acl
334 1535 437 1620 μάλα,
468 1542 601 1601 alia.--
621 1537 720 1620 Magis
742 1543 835 1604 etium
863 1547 940 1608 elius
957 1551 1073 1612 laboret
1094 1549 1185 1616 Thu-

133 1641 249 1723 oydirlis
277 1637 424 1704 locusL.
445 1637 512 1716 vl,
531 1662 558 1704 c.
587 1645 640 1703 97.
664 1642 754 1702 initio
777 1639 808 1704 oi
834 1641 869 1706 di
884 1642 1046 1732 Ἀθηναῖοι
1068 1650 1190 1740 ταύτης

134 1745 194 1864 169
219 1737 334 1812 νυκτὸς
362 1744 402 1824 τῇ
431 1735 624 1824 lucperopaivry
647 1735 767 1831 ἡμέρα
773 1739 954 1826 ἔξητάζαντο
982 1751 1033 1814 καὶ
1067 1749 1186 1824 ἔλαθον

136 1838 254 1914 αὐτούς
274 1854 332 1903 etc.
373 1839 458 1924 Nego
487 1839 563 1903 haec
597 1845 717 1904 tolerari
745 1867 841 1926 posse.
883 1845 964 1912 Nam
984 1857 1185 1926 concedamus

137 1967 244 2022 nunc,
266 1939 351 2026 posse
372 1940 473 2004 haec'
463 1956 511 2005 rte
528 1946 639 2026 accipi.
656 1943 778 2025 „Hujus
799 1953 896 2012 noctis
917 1957 1082 2036 postridie“
1104 1968 1187 2048 quod

138 2059 243 2107 tamen
264 2049 370 2128 nequit
390 2045 530 2126 concedi3
554 2059 585 2107 at
605 2069 645 2106 ne
667 2051 710 2108 sic
732 2049 950 2131 quidemlocus
963 2061 1093 2144 intelligi
1114 2082 1187 2150 pot-

139 2161 192 2210 est.
233 2145 313 2210 Num
340 2169 416 2230 quae
444 2160 488 2209 est
515 2170 594 2229 αυτη
625 2141 646 2229 6
676 2144 757 2224 τόξῗ
797 2155 835 2214 Ιιι
856 2159 1102 2234 praecedentibus
1124 2190 1190 2233 non
1283 2153 1286 2163 ¹

136 2251 175 2312 de
195 2263 304 2327 nocte,
326 2250 378 2310 sed
400 2249 437 2312 de
459 2249 508 2310 die
528 2250 647 2310 locutus
669 2263 723 2311 est.
766 2247 879 2314 Num
868 2259 960 2336 egitur
990 2259 1074 2348 αὕτη
1091 2261 1188 2350 ἧνόξ

134 2375 201 2415 nox
222 2364 265 2413 est
275 2372 383 2434 ,quae
407 2355 564 2442 antecessit
585 2373 657 2411 eum
678 2351 760 2412 diem
768 2376 860 2437 ,quo
880 2353 1073 2446 Syracusani,
1096 2377 1161 2454 ιιι·
1151 2397 1187 2438 m

134 2460 274 2541 proximo
304 2456 401 2535 capite
429 2465 587 2514 narratum
617 2467 680 2532 est,
711 2458 809 2537 copias
845 2466 1065 2532 recensebant?
1106 2467 1186 2552 Quis

138 2561 277 2634 obsecro,
298 2568 361 2617 tarn
379 2558 536 2648 pueriliter
556 2557 709 2636 loquitur,
732 2569 784 2636 ut,
808 2561 833 2617 si
854 2559 937 2622 idern
959 2565 1022 2629 dies
1042 2571 1186 2638 indicau-

138 2660 194 2722 dus
221 2663 277 2736 sit,
305 2661 411 2738 prioris
438 2659 535 2716 noctis
560 2655 702 2738 postridie
731 2656 835 2721 dicat?
884 2659 971 2726 Sicut
992 2671 1107 2755 siquis
1127 2700 1184 2760 pro

136 2761 230 2824 hodic
252 2758 400 2820 balbutiat
419 2755 583 2840 „postridie
606 2757 687 2817 diem
709 2756 929 2826 hesternum?“
957 2799 1000 2815 -
1027 2769 1112 2834 An'
1102 2799 1186 2846 ruse·

134 2886 231 2966 quens
251 2859 341 2924 nox?
362 2893 404 2906 -
424 2856 473 2920 At
492 2880 539 2918 res
558 2861 624 2940 ipsu
643 2871 736 2921 vetat.
777 2853 858 2924 Nam
886 2887 922 2927 co
950 2843 1015 2950 ipso
1038 2873 1086 2936 die
1107 2878 1184 2946 haec

42 3001 44 3006 ·
134 2961 297 3050 geruntur,
319 2983 378 3045 quo
401 2964 500 3043 copias
522 2955 709 3042 Syracusani
726 2967 932 3030 recensebant.
975 2967 1127 3066 Pprro,
1102 3002 1128 3041 cr
1143 3005 1184 3047 ex

138 3065 292 3128 Ciceronis
318 3074 474 3146 praecepto
500 3057 556 3151 (dc
584 3065 704 3125 invent.
733 3066 749 3125 1
756 3064 850 3148 ,.26)
877 3075 1090 3138 commetirnur
1111 3103 1182 3144 cum

136 3179 271 3267 ternpore
300 3169 456 3245 negotium
483 3176 515 3224 et
541 3163 679 3224 videmus
683 3169 879 3246 potueritne
916 3182 970 3232 aut
1003 3182 1181 3258 magnitudo

133 3269 250 3350 negotii
274 3278 327 3327 aut
345 3263 508 3326 multitudo
529 3287 629 3325 rerum
657 3266 691 3324 in
712 3287 748 3326 eo
769 3270 893 3350 transigi
912 3282 1065 3355 ternpore.
1091 3283 1181 3348 facile

131 3372 350 3449 intelligimus,
368 3388 443 3427 ιιοιι
470 3387 575 3461 capere
603 3387 702 3426 unum
724 3368 824 3446 diem,
845 3390 924 3452 quea
945 3371 997 3435 hic
1018 3395 1179 3448 narrentur

98 3451 106 3464 ¹
134 3471 285 3533 accidisse.
328 3463 425 3529 Iidem
445 3472 529 3529 enim
549 3467 656 3530 eodem
677 3468 726 3532 dia
747 3489 766 3529 u
787 3463 895 3533 Catius
916 3473 1058 3539 dicuntur
1084 3484 1179 3554 edre-c

135 3575 177 3634 cti
198 3569 300 3653 (distat
319 3583 424 3631 autern
445 3565 559 3631 Catane
579 3566 734 3664 Syracusis
756 3585 823 3632 octo
852 3574 915 3634 fere
942 3578 1091 3644 milliariis
1117 3607 1178 3676 no-

129 3676 218 3753 stris3
252 3693 325 3733 narn
352 3693 415 3732 non
445 3671 484 3733 ad
512 3690 641 3731 ananum
672 3683 718 3732 est
742 3668 870 3753 Strabo,
900 3679 953 3759 qui
974 3678 1012 3738 de
1032 3679 1122 3745 hoc'
1112 3709 1176 3768 rpsc

128 3778 239 3838 itinere
260 3777 378 3836 locutus
399 3769 466 3858 est).
510 3768 681 3852 Quantum
695 3775 788 3854 igitur
813 3780 956 3857 temporis
977 3791 1022 3842 tot
1044 3785 1177 3853 tuillium

131 3879 308 3940 lustrationi
325 3872 483 3959 superest?
535 3872 598 3936 Sed
628 3873 723 3934 iidem
741 3871 884 3957 Epipolas
903 3882 1000 3942 milite
1020 3885 1175 3971 insidunt3

132 3963 241 4054 fugant
259 3977 391 4042 hostem.
431 3973 528 4038 Aliud
546 3989 680 4058 superest
702 3981 887 4058 corruptelae
907 3982 1064 4048 indicium.
1089 3985 1176 4067 Quid

134 4077 221 4135 enirn
240 4073 443 4140 Athenienses
467 4081 634 4138 exercitum
654 4081 780 4158 lustrare
801 4085 966 4162 oportebat,
981 4087 1033 4168 qul
1053 4091 1173 4168 pridem

132 4175 167 4258 id
188 4177 327 4241 fecissent
347 4179 386 4242 nd
407 4170 544 4259 Italiam,
566 4192 602 4241 ut
621 4183 685 4261 ipse
700 4201 790 4262 supra
803 4186 937 4248 uenerit
951 4181 1174 4270 Thucydides?

130 4273 200 4344 Vix
221 4281 306 4340 enirn
321 4289 443 4348 'nemus
463 4271 528 4345 erat
548 4279 608 4360 eis,
631 4283 683 4366 qui
704 4281 839 4366 quotidie
860 4283 901 4346 ed
929 4281 1070 4352 Cutinern
1089 4295 1175 4371 uuili.¹

739 4439 742 4444 .
789 4379 846 4446 3⁸
